@misc{nhtsa,
  author = {National Highway Traffic Safety Administration},
  title  = {Automated vehicles for safety},
  year   = {2021},
  url    = {https://www.nhtsa.gov/technology-innovation/automated-vehicles-safety}
}

@misc{perceptron,
  author = {Juan Barrios},
  title  = {Convolutional neural networks are a type of neural networks},
  year   = {2022},
  url    = {https://www.juanbarrios.com/redes-neurales-convolucionales/#Definiciones}
}

@misc{whatisacnn,
  author = {Wikipedia},
  title  = {Multilayer perceptron},
  year   = {2022},
  url    = {https://en.wikipedia.org/wiki/Multilayer_perceptron}
}

@misc{generalprocess,
  author = {T. Kozek, T. Roska and L. O. Chua},
  title  = {Genetic algorithm for CNN template learning," in IEEE Transactions on Circuits and Systems I: Fundamental Theory and Applications, vol. 40, no. 6, pp. 392-402},
  year   = {June, 1993},
  url    = {https://en.wikipedia.org/wiki/Multilayer_perceptron}
}

@misc{yolo_images,
  author = {Sik-Ho Tsang},
  title  = {Review: Yolov1 â€” you only look once (object detection).},
  year   = {2018},
  url    = {https://towardsdatascience.com/yolov1-you-only-look-once-object-detection-e1f3ffec8a89}
}

@book{yolo_1,
  author = {Joseph Redmon, Santosh Divvala, Ross Girshick, and Ali Farhadi.},
  year   = {2016},
  title  = {You only look once:
            Unified, real-time object detection. In Proceedings of the IEEE conference on computer
            vision and pattern recognition},
  pages  = {779-788}
}

@misc{yolo_2,
  author = {Manish Chablani},
  title  = {Yolo - you only look once, real time object detection explained},
  year   = {2017},
  url    = {https://towardsdatascience.com/yolo-you-only-look-once-real-time-object-detection-explained-492dc9230006}
}


% Dummy reference
@book{texbook,
  author    = {Donald E. Knuth},
  year      = {1986},
  title     = {The {\TeX} Book},
  publisher = {Addison-Wesley Professional}
}